<?xml version="1.0" encoding="UTF-8"?><collection xmlns="http://www.loc.gov/MARC21/slim"><record><leader>00448nam--2200181-i-4500</leader><controlfield tag="001">000014426</controlfield><controlfield tag="002">20161230</controlfield><controlfield tag="005">20161230201030</controlfield><controlfield tag="008">060222s1000------------r-----000-0-rus-d</controlfield><datafield ind1=" " ind2=" " tag="040"><subfield code="a">IFIN-HH</subfield></datafield><datafield ind1=" " ind2=" " tag="041"><subfield code="a">rus</subfield></datafield><datafield ind1=" " ind2=" " tag="080"><subfield code="a">532</subfield></datafield><datafield ind1="1" ind2=" " tag="110"><subfield code="a">Irkuskogo Universiteta</subfield></datafield><datafield ind1="1" ind2="0" tag="245"><subfield code="a">Issledovaniia v mehanike splosnih sred</subfield></datafield><datafield ind1=" " ind2=" " tag="260"><subfield code="a">Irkutsk</subfield><subfield code="b">Irkuskogo Universiteta</subfield><subfield code="c">1983</subfield></datafield><datafield ind1=" " ind2=" " tag="300"><subfield code="a">219 p</subfield></datafield><datafield ind1=" " ind2=" " tag="852"><subfield code="a">71524</subfield><subfield code="c">532</subfield></datafield><datafield ind1=" " ind2=" " tag="CAT"><subfield code="a">Sys</subfield><subfield code="c">20100723</subfield><subfield code="h">094607</subfield></datafield></record></collection>